@article{drummond2006relaxed,
  title={Relaxed phylogenetics and dating with confidence},
  author={Drummond, Alexei J and Ho, Simon YW and Phillips, Matthew J and Rambaut, Andrew},
  journal={PLoS Biol},
  volume={4},
  number={5},
  pages={e88},
  year={2006},
  publisher={Public Library of Science}
}

@article{zhang2020improving,
  title={Improving the performance of Bayesian phylogenetic inference under relaxed clock models},
  author={Zhang, Rong and Drummond, Alexei},
  journal={BMC Evolutionary Biology},
  volume={20},
  pages={1--28},
  year={2020},
  publisher={Springer}
}

@article{fourment2019evaluating,
  title={Evaluating probabilistic programming and fast variational Bayesian inference in phylogenetics},
  author={Fourment, Mathieu and Darling, Aaron E},
  journal={PeerJ},
  volume={7},
  pages={e8272},
  year={2019},
  publisher={PeerJ Inc.}
}

@inproceedings{zhang2018variational,
  title={Variational Bayesian phylogenetic inference},
  author={Zhang, Cheng and Matsen IV, Frederick A},
  booktitle={International Conference on Learning Representations},
  year={2018}
}

@article{bouckaert2019beast,
  title={BEAST 2.5: An advanced software platform for Bayesian evolutionary analysis},
  author={Bouckaert, Remco and Vaughan, Timothy G and Barido-Sottani, Jo{\"e}lle and Duch{\^e}ne, Sebasti{\'a}n and Fourment, Mathieu and Gavryushkina, Alexandra and Heled, Joseph and Jones, Graham and K{\"u}hnert, Denise and De Maio, Nicola and others},
  journal={PLoS computational biology},
  volume={15},
  number={4},
  pages={e1006650},
  year={2019},
  publisher={Public Library of Science}
}

@article{kucukelbir2017automatic,
  title={Automatic differentiation variational inference},
  author={Kucukelbir, Alp and Tran, Dustin and Ranganath, Rajesh and Gelman, Andrew and Blei, David M},
  journal={The Journal of Machine Learning Research},
  volume={18},
  number={1},
  pages={430--474},
  year={2017},
  publisher={JMLR. org}
}

@inproceedings{abadi2016tensorflow,
  title={Tensorflow: A system for large-scale machine learning},
  author={Abadi, Mart{\'\i}n and Barham, Paul and Chen, Jianmin and Chen, Zhifeng and Davis, Andy and Dean, Jeffrey and Devin, Matthieu and Ghemawat, Sanjay and Irving, Geoffrey and Isard, Michael and others},
  booktitle={12th $\{$USENIX$\}$ symposium on operating systems design and implementation ($\{$OSDI$\}$ 16)},
  pages={265--283},
  year={2016}
}

@article{dillon2017tensorflow,
  title={Tensorflow distributions},
  author={Dillon, Joshua V and Langmore, Ian and Tran, Dustin and Brevdo, Eugene and Vasudevan, Srinivas and Moore, Dave and Patton, Brian and Alemi, Alex and Hoffman, Matt and Saurous, Rif A},
  journal={arXiv preprint arXiv:1711.10604},
  year={2017}
}


@article{piponi2020joint,
  title={Joint Distributions for TensorFlow Probability},
  author={Piponi, Dan and Moore, Dave and Dillon, Joshua V},
  journal={arXiv preprint arXiv:2001.11819},
  year={2020}
}

@article{zhang2018generalizing,
  title={Generalizing tree probability estimation via bayesian networks},
  author={Zhang, Cheng and Matsen IV, Frederick A},
  journal={Advances in Neural Information Processing Systems},
  volume={31},
  pages={1444--1453},
  year={2018}
}

@article{ayres2019beagle,
  title={BEAGLE 3: Improved performance, scaling, and usability for a high-performance computing library for statistical phylogenetics},
  author={Ayres, Daniel L and Cummings, Michael P and Baele, Guy and Darling, Aaron E and Lewis, Paul O and Swofford, David L and Huelsenbeck, John P and Lemey, Philippe and Rambaut, Andrew and Suchard, Marc A},
  journal={Systematic biology},
  volume={68},
  number={6},
  pages={1052--1061},
  year={2019},
  publisher={Oxford University Press}
}

@article{ji2020gradients,
  title={Gradients do grow on trees: a linear-time O (N)-dimensional gradient for statistical phylogenetics},
  author={Ji, Xiang and Zhang, Zhenyu and Holbrook, Andrew and Nishimura, Akihiko and Baele, Guy and Rambaut, Andrew and Lemey, Philippe and Suchard, Marc A},
  journal={Molecular Biology and Evolution},
  volume={37},
  number={10},
  pages={3047--3060},
  year={2020},
  publisher={Oxford University Press}
}

@article{fourment202019,
  title={19 dubious ways to compute the marginal likelihood of a phylogenetic tree topology},
  author={Fourment, Mathieu and Magee, Andrew F and Whidden, Chris and Bilge, Arman and Matsen IV, Frederick A and Minin, Vladimir N},
  journal={Systematic Biology},
  volume={69},
  number={2},
  pages={209--220},
  year={2020},
  publisher={Oxford University Press}
}

@article{hohna2012guided,
  title={Guided tree topology proposals for Bayesian phylogenetic inference},
  author={H{\"o}hna, Sebastian and Drummond, Alexei J},
  journal={Systematic biology},
  volume={61},
  number={1},
  pages={1--11},
  year={2012},
  publisher={Oxford University Press}
}

@article{larget2013estimation,
  title={The estimation of tree posterior probabilities using conditional clade probability distributions},
  author={Larget, Bret},
  journal={Systematic biology},
  volume={62},
  number={4},
  pages={501--511},
  year={2013},
  publisher={Oxford University Press}
}

@article{zhang2020improved,
  title={Improved Variational Bayesian Phylogenetic Inference with Normalizing Flows},
  author={Zhang, Cheng},
  journal={Advances in Neural Information Processing Systems},
  volume={33},
  year={2020}
}

@article{moretti2020variational,
  title={Variational Combinatorial Sequential Monte Carlo for Bayesian Phylogenetic Inference},
  author={Moretti, Antonio and Zhang, Liyi and Pe'er, Itsik},
  journal={Machine Learning in Computational Biology},
  year={2020}
}


@article{jordan1999introduction,
  title={An introduction to variational methods for graphical models},
  author={Jordan, Michael I and Ghahramani, Zoubin and Jaakkola, Tommi S and Saul, Lawrence K},
  journal={Machine learning},
  volume={37},
  number={2},
  pages={183--233},
  year={1999},
  publisher={Springer}
}

@article{robbins1951stochastic,
  title={A stochastic approximation method},
  author={Robbins, Herbert and Monro, Sutton},
  journal={The annals of mathematical statistics},
  pages={400--407},
  year={1951},
  publisher={JSTOR}
}

@inproceedings{ranganath2014black,
  title={Black box variational inference},
  author={Ranganath, Rajesh and Gerrish, Sean and Blei, David},
  booktitle={Artificial Intelligence and Statistics},
  pages={814--822},
  year={2014},
  organization={PMLR}
}

@article{kingma2013auto,
  title={Auto-encoding variational bayes},
  author={Kingma, Diederik P and Welling, Max},
  journal={arXiv preprint arXiv:1312.6114},
  year={2013}
}

@article{carpenter2017stan,
  title={Stan: A probabilistic programming language},
  author={Carpenter, Bob and Gelman, Andrew and Hoffman, Matthew D and Lee, Daniel and Goodrich, Ben and Betancourt, Michael and Brubaker, Marcus and Guo, Jiqiang and Li, Peter and Riddell, Allen},
  journal={Journal of statistical software},
  volume={76},
  number={1},
  year={2017},
  publisher={Columbia Univ., New York, NY (United States); Harvard Univ., Cambridge, MA~â€¦}
}

@InProceedings{rezende2015variational,
  title = 	 {Variational Inference with Normalizing Flows},
  author = 	 {Danilo Rezende and Shakir Mohamed},
  booktitle = 	 {Proceedings of the 32nd International Conference on Machine Learning},
  pages = 	 {1530--1538},
  year = 	 {2015},
  editor = 	 {Francis Bach and David Blei},
  volume = 	 {37},
  series = 	 {Proceedings of Machine Learning Research},
  address = 	 {Lille, France},
  month = 	 {07--09 Jul},
  publisher =    {PMLR},
  pdf = 	 {http://proceedings.mlr.press/v37/rezende15.pdf},
  url = 	 {http://proceedings.mlr.press/v37/rezende15.html}
}
